<record><leader>00000cas a2200000 a 4500</leader><controlfield tag="001">33882877</controlfield><controlfield tag="008">951208d18821887azuwr ne      0   a0eng  </controlfield><controlfield tag="009">17702</controlfield><datafield ind1=" " ind2=" " tag="010"><subfield code="a">sn 95060906 </subfield></datafield><datafield ind1=" " ind2=" " tag="040"><subfield code="a">ANN</subfield><subfield code="b">eng</subfield><subfield code="c">ANN</subfield><subfield code="d">OCL</subfield><subfield code="d">ANN</subfield><subfield code="d">DLC</subfield><subfield code="d">OCLCF</subfield></datafield><datafield ind1=" " ind2=" " tag="012"><subfield code="l">a</subfield></datafield><datafield ind1="1" ind2=" " tag="022"><subfield code="a">2158-4826</subfield><subfield code="2">1</subfield></datafield><datafield ind1="1" ind2=" " tag="029"><subfield code="a">AU@</subfield><subfield code="b">000012176307</subfield></datafield><datafield ind1=" " ind2=" " tag="042"><subfield code="a">pcc</subfield><subfield code="a">nsdp</subfield></datafield><datafield ind1=" " ind2=" " tag="043"><subfield code="a">n-us-az</subfield></datafield><datafield ind1="0" ind2="0" tag="050"><subfield code="a">Newspaper</subfield></datafield><datafield ind1=" " ind2="0" tag="222"><subfield code="a">Tombstone weekly epitaph</subfield></datafield><datafield ind1="0" ind2="0" tag="245"><subfield code="a">Tombstone weekly epitaph.</subfield></datafield><datafield ind1="0" ind2="3" tag="246"><subfield code="a">Weekly epitaph</subfield></datafield><datafield ind1=" " ind2=" " tag="260"><subfield code="a">Tombstone, Ariz. :</subfield><subfield code="b">Epitaph Print. and Pub. Co.,</subfield><subfield code="c">1882-</subfield></datafield><datafield ind1=" " ind2=" " tag="300"><subfield code="a">v.</subfield></datafield><datafield ind1=" " ind2=" " tag="310"><subfield code="a">Weekly</subfield></datafield><datafield ind1="0" ind2=" " tag="362"><subfield code="a">Vol. 3, no. 50 (June 24, 1882)-</subfield></datafield><datafield ind1="1" ind2=" " tag="362"><subfield code="a">Ceased 1887.</subfield></datafield><datafield ind1=" " ind2=" " tag="530"><subfield code="a">Archived issues are available in digital format as part of the Library of Congress Chronicling America online collection.</subfield></datafield><datafield ind1=" " ind2="0" tag="651"><subfield code="a">Tombstone (Ariz.)</subfield><subfield code="v">Newspapers.</subfield></datafield><datafield ind1=" " ind2="0" tag="651"><subfield code="a">Cochise County (Ariz.)</subfield><subfield code="v">Newspapers.</subfield></datafield><datafield ind1=" " ind2="7" tag="655"><subfield code="a">Newspapers.</subfield><subfield code="2">fast</subfield><subfield code="0">(OCoLC)fst01423814</subfield></datafield><datafield ind1=" " ind2="7" tag="651"><subfield code="a">Arizona</subfield><subfield code="z">Cochise County.</subfield><subfield code="2">fast</subfield><subfield code="0">(OCoLC)fst01207405</subfield></datafield><datafield ind1=" " ind2="7" tag="651"><subfield code="a">Arizona</subfield><subfield code="z">Tombstone.</subfield><subfield code="2">fast</subfield><subfield code="0">(OCoLC)fst01212318</subfield></datafield><datafield ind1=" " ind2=" " tag="752"><subfield code="a">United States</subfield><subfield code="b">Arizona</subfield><subfield code="c">Cochise</subfield><subfield code="d">Tombstone.</subfield></datafield><datafield ind1="0" ind2=" " tag="775"><subfield code="t">Tombstone daily epitaph (Tombstone, Ariz. : 1882)</subfield><subfield code="w">(DLC)sn 93054094</subfield><subfield code="w">(OCoLC)28727330</subfield></datafield><datafield ind1="0" ind2=" " tag="775"><subfield code="t">Tombstone daily epitaph and republican</subfield><subfield code="w">(DLC)sn 96060684</subfield><subfield code="w">(OCoLC)36207044</subfield></datafield><datafield ind1="0" ind2=" " tag="775"><subfield code="t">Daily record-epitaph</subfield><subfield code="w">(DLC)sn 95060907</subfield><subfield code="w">(OCoLC)33861622</subfield></datafield><datafield ind1="0" ind2=" " tag="775"><subfield code="t">Daily Tombstone epitaph</subfield><subfield code="x">2157-8028</subfield><subfield code="w">(DLC)sn 96060682</subfield><subfield code="w">(OCoLC)36207049</subfield></datafield><datafield ind1="0" ind2=" " tag="775"><subfield code="t">Tombstone daily epitaph (Tombstone, Ariz. : 1887)</subfield><subfield code="x">2157-801X</subfield><subfield code="w">(DLC)sn 96060681</subfield><subfield code="w">(OCoLC)36207053</subfield></datafield><datafield ind1="0" ind2="0" tag="780"><subfield code="t">Tombstone epitaph (Tombstone, Ariz. : 1880 : Weekly)</subfield><subfield code="x">2158-2653</subfield><subfield code="w">(DLC)sn 84021939</subfield><subfield code="w">(OCoLC)2711291</subfield></datafield><datafield ind1="0" ind2="0" tag="785"><subfield code="t">Tombstone epitaph (Tombstone, Ariz. : 1887)</subfield><subfield code="x">2157-6777</subfield><subfield code="w">(DLC)sn 95060905</subfield><subfield code="w">(OCoLC)33880523</subfield></datafield><datafield ind1="4" ind2="1" tag="856"><subfield code="u">http://www.loc.gov/chroniclingamerica/lccn/sn95060906/issues</subfield></datafield></record>